@article{lheu18,
title={Diagenetic self-organization and stochastic resonance in a model 
of limestone-marl sequences},
author={Lâ€™Heureux, Ivan},
journal={Geofluids},
volume={2018},
pages={1--18},
doi={10.1155/2018/4968315},
year={2018}}

@article{five77,
title={On weighted-mean schemes for the finite-difference
approximation to the advection-diffusion equation},
author={Fiadeiro, Manuel E and Veronis, George},
journal={Tellus},
volume={29},
number={6},
pages={512--522},
doi={10.3402/tellusa.v29i6.11385},
year={1977}}

@book{boudreau,
title={Diagenetic models and their implementation},
author={Boudreau, Bernard P},
volume={505},
isbn={978-3-642-64399-6},
doi={10.1007/978-3-642-60421-8},
year={1997}}

@article{wrig92,
title={Finite difference approximations to the advection-diffusion equation},
author={Wright, Daniel G},
journal={Tellus A},
volume={44},
number={3},
pages={261--269},
doi={10.1034/j.1600-0870.1992.t01-2-00005.x},
year={1992}}

